@phdthesis{cic-hat-bar,
  TITLE = {{On type-based termination and dependent pattern matching in the calculus of inductive constructions}},
  AUTHOR = {Sacchini, Jorge Luis},
  URL = {https://pastel.archives-ouvertes.fr/pastel-00622429},
  NUMBER = {2011ENMP0022},
  SCHOOL = {{{\'E}cole Nationale Sup{\'e}rieure des Mines de Paris}},
  YEAR = {2011},
  MONTH = Jun,
  KEYWORDS = {Type-based termination ; d{\'e}pendent types ; pattern matching ; calculus of inductive constructions ; Terminaison bas{\'e}e sur les types ; types d{\'e}pendants ; filtrage par motifs ; calcul des constructions inductives},
  TYPE = {Theses},
  PDF = {https://pastel.archives-ouvertes.fr/pastel-00622429/file/21076_SACCHINI_2011_archivage.pdf},
  HAL_ID = {pastel-00622429},
  HAL_VERSION = {v1},
}


@inproceedings{cic-hat,
Author = {Barthe, Gilles and Gregoire, Benjamin and Pastawski, Fernando},
Editor = {{Hermann, M and Voronkov, A}},
title = "{CIC}$\widehat{~}$ : Type-Based Termination of Recursive Definitions in the Calculus of Inductive Constructions",
Booktitle = {{Logic for Programming, Artificial Intelligence, and Reasoning,
   Proceedings}},
Series = {{Lecture Notes in Artificial Intelligence}},
Year = {{2006}},
Volume = {{4246}},
Pages = {{257-271}},
Publisher = {{Springer-Verlag Berlin}},
Address = {{Heidelberger Platz 3, D-14197 Berlin, Germany}},
Type = {{Proceedings Paper}},
Language = {{English}},
Affiliation = {{Barthe, G (Reprint Author), INRIA, Sophia Antipolis, France.
   INRIA, Sophia Antipolis, France.
   Univ Nacl Cordoba, FaMAF, RA-5000 Cordoba, Argentina.}},
DOI = {10.1007/11916277\_18},
ISSN = {{0302-9743}},
ISBN = {{3-540-48281-4}}
}

@inproceedings{f-hat,
Author = {Barthe, G and Gregoire, B and Pastawski, F},
Editor = {{Urzyczyn, P}},
Title = {{Practical inference for type-based termination in a polymorphic setting}},
Booktitle = {{Typed Lambda Calculi and Applications}},
Series = {{Lecture Notes in Computer Science}},
Year = {{2005}},
Volume = {{3461}},
Pages = {{71-85}},
Publisher = {{Springer-Verlag Berlin}},
Address = {{Heidelberger Platz 3, D-14197 Berlin, Germany}},
Type = {{Article; Proceedings Paper}},
Language = {{English}},
Affiliation = {{Univ Nacl Cordoba, FaMAF, RA-5000 Cordoba, Argentina.}},
DOI = {10.1007/11417170_7},
ISSN = {{0302-9743}},
ISBN = {{3-540-25593-1}}
}

@inproceedings{cic-hat-l,
Author = {Sacchini, Jorge Luis},
Editor = {{Codish, M and Sumii, E}},
Title = {{Linear Sized Types in the Calculus of Constructions}},
Booktitle = {{Functional and Logic Programming, FLOPS 2014}},
Series = {{Lecture Notes in Computer Science}},
Year = {{2014}},
Volume = {{8475}},
Pages = {{169-185}},
Publisher = {{Springer-Verlag Berlin}},
Address = {{Heidelberger Platz 3, D-14197 Berlin, Germany}},
Type = {{Proceedings Paper}},
Language = {{English}},
Affiliation = {{Sacchini, JL (Reprint Author), Carnegie Mellon Univ, Pittsburgh, PA 15213 USA.
   Carnegie Mellon Univ, Pittsburgh, PA 15213 USA.}},
DOI = {10.1007/978-3-319-07151-0_11},
ISSN = {{0302-9743}},
EISSN = {{1611-3349}},
ISBN = {{978-3-319-07151-0; 978-3-319-07150-3}}
}

@inproceedings{cc-hat-omega,
Author = {Sacchini, Jorge Luis},
Book-Group-Author = {{IEEE Comp Soc}},
Title = {{Type-Based Productivity of Stream Definitions in the Calculus of
   Constructions}},
Booktitle = {{2013 28TH Annual IEEE/ACM Symposium on Logic in Computer Science (LICS)}},
Series = {{IEEE Symposium on Logic in Computer Science}},
Year = {{2013}},
Pages = {{233-242}},
Publisher = {{IEEE}},
Address = {{345 E 47th St., New York, NY 10017 USA}},
Type = {{Proceedings Paper}},
Language = {{English}},
Affiliation = {{Sacchini, JL (Reprint Author), Carnegie Mellon Univ, Doha, Qatar.
   Carnegie Mellon Univ, Doha, Qatar.}},
DOI = {10.1109/LICS.2013.29},
ISSN = {{1043-6871}},
ISBN = {{978-1-4799-0413-6}}
}

@misc{coq,
  author       = {The Coq Development Team},
  title        = {The Coq Proof Assistant, version 8.9.0},
  month        = jan,
  year         = 2019,
  doi          = {10.5281/zenodo.2554024},
  url          = {https://doi.org/10.5281/zenodo.2554024}
}

@unpublished{wellfounded,
title  = {Well-Founded Sized Types in the Calculus of (Co)Inductive Constructions},
author = {Sacchini, Jorge Luis},
year   = {2015},
url    = {https://web.archive.org/web/20160606143713/http://www.qatar.cmu.edu/~sacchini/well-founded/well-founded.pdf},
note   = {Unpublished paper}
}

@Inbook{ptsdef,
author="Kamareddine, Fairouz and Laan, Twan and Nederpelt, Rob",
title="Pure Type Systems with definitions",
bookTitle="A Modern Perspective on Type Theory: From its Origins until Today",
year="2005",
publisher="Springer Netherlands",
address="Dordrecht",
pages="233--241",
abstract="When comparing $\lambda$68 to other type systems with definitions, we find an important difference. In $\lambda$68, the correspondence between types of definiendum and definiens differs from the similar correspondence in the systems in [137] and [14].",
isbn="978-1-4020-2335-4",
doi="10.1007/1-4020-2335-9_9",
url="https://doi.org/10.1007/1-4020-2335-9_9"
}

@article{miniagda,
   title={MiniAgda: Integrating Sized and Dependent Types},
   volume={43},
   ISSN={2075-2180},
   url={http://dx.doi.org/10.4204/EPTCS.43.2},
   DOI={10.4204/eptcs.43.2},
   journal={Electronic Proceedings in Theoretical Computer Science},
   publisher={Open Publishing Association},
   author={Abel, Andreas},
   year={2010},
   month={Dec},
   pages={14--28}
}

@article{miniagda2,
   title={Type-Based Termination, Inflationary Fixed-Points, and Mixed Inductive-Coinductive Types},
   volume={77},
   ISSN={2075-2180},
   url={http://dx.doi.org/10.4204/EPTCS.77.1},
   DOI={10.4204/eptcs.77.1},
   journal={Electronic Proceedings in Theoretical Computer Science},
   publisher={Open Publishing Association},
   author={Abel, Andreas},
   year={2012},
   month={Feb},
   pages={1--11}
}

@article{impl,
    title={ionathanch/coq: Initial Release},
    DOI={10.5281/zenodo.3516517},
    publisher={Zenodo},
    author={Hugo Herbelin and Pierre-Marie Pédrot and Maxime Dénès and letouzey and Matthieu Sozeau and Jean-Christophe Filliatre and Emilio Jesús Gallego Arias and Enrico Tassi and Gaëtan Gilbert and Théo Zimmermann and et al.},
    year={2019},
    month={Oct}
}